<record xmlns='http://www.loc.gov/MARC21/slim'><leader>01018cim a22003012u 4500</leader><controlfield tag='001'>3601458</controlfield><controlfield tag='005'>20151214182848.0</controlfield><controlfield tag='007'>ss|lmnjluz|nuu</controlfield><controlfield tag='008'>991101s1983    nyunnn         l    eng  </controlfield><datafield ind1=' ' ind2=' ' tag='035'><subfield code='a'>(NIC)notisASF8523</subfield></datafield><datafield ind1=' ' ind2=' ' tag='035'><subfield code='a'>3601458</subfield></datafield><datafield ind1=' ' ind2=' ' tag='035'><subfield code='a'>(OCoLC)63897640</subfield></datafield><datafield ind1=' ' ind2=' ' tag='040'><subfield code='a'>NIC</subfield><subfield code='c'>NIC</subfield><subfield code='d'>NIC</subfield><subfield code='d'>NIC</subfield></datafield><datafield ind1='1' ind2=' ' tag='100'><subfield code='a'>Gates, Henry Louis,</subfield><subfield code='c'>Jr.</subfield></datafield><datafield ind1='1' ind2='0' tag='245'><subfield code='a'>Race, writing and difference</subfield><subfield code='h'>[sound recording]</subfield></datafield><datafield ind1=' ' ind2=' ' tag='260'><subfield code='c'>1983.</subfield></datafield><datafield ind1=' ' ind2=' ' tag='300'><subfield code='a'>1 sound cassette (80 min.) :</subfield><subfield code='b'>analog, mono.</subfield></datafield><datafield ind1=' ' ind2=' ' tag='500'><subfield code='a'>Recorded in Ithaca, NY by Cornell University.</subfield></datafield><datafield ind1=' ' ind2=' ' tag='500'><subfield code='a'>Sponsored by: English, Department of.</subfield></datafield><datafield ind1=' ' ind2=' ' tag='518'><subfield code='a'>Lecture, December 15, 1983.</subfield></datafield><datafield ind1=' ' ind2=' ' tag='520'><subfield code='a'>Gates discusses black writing styles.</subfield></datafield><datafield ind1=' ' ind2='0' tag='650'><subfield code='a'>Authors, Black.</subfield></datafield><datafield ind1=' ' ind2='0' tag='650'><subfield code='a'>Comparative literature</subfield><subfield code='x'>Themes, motives.</subfield></datafield><datafield ind1=' ' ind2='7' tag='650'><subfield code='a'>Authors, Black</subfield><subfield code='2'>fast</subfield><subfield code='0'>(OCoLC)fst00821841</subfield></datafield><datafield ind1=' ' ind2='7' tag='650'><subfield code='a'>Comparative literature</subfield><subfield code='x'>Themes, motives</subfield><subfield code='2'>fast</subfield><subfield code='0'>(OCoLC)fst01735633</subfield></datafield><datafield ind1='1' ind2=' ' tag='899'><subfield code='a'>CULectures</subfield></datafield><datafield ind1=' ' ind2=' ' tag='905'><subfield code='a'>19991201120000.0</subfield></datafield><datafield ind1='2' ind2=' ' tag='948'><subfield code='a'>20141221</subfield><subfield code='b'>m</subfield><subfield code='d'>batch</subfield><subfield code='e'>lts</subfield><subfield code='x'>addfast</subfield></datafield></record>